@article{henrard1982,
  title={Capture into resonance: an extension of the use of adiabatic invariants},
  author={Henrard, Jacques},
  journal={Celestial Mechanics and Dynamical Astronomy},
  volume={27},
  number={1},
  pages={3--22},
  year={1982},
  publisher={Springer}
}
@article{henrard1987,
  title={Colombo's top},
  author={Henrard, Jacques and Murigande, Charles},
  journal={Celestial Mechanics},
  volume={40},
  number={3-4},
  pages={345--366},
  year={1987},
  publisher={Springer}
}
@Book{g_and_h,
 author = {Guckenheimer, John and Holmes, Philip J.},
 title = {Nonlinear oscillations, dynamical systems, and bifurcations of vector fields},
 publisher = {Springer-Verlag},
 year = {1983},
 address = {New York},
 isbn = {978-1-4612-1140-2}
 }
