@article{henrard1982,
  title={Capture into resonance: an extension of the use of adiabatic invariants},
  author={Henrard, Jacques},
  journal={Celestial Mechanics and Dynamical Astronomy},
  volume={27},
  number={1},
  pages={3--22},
  year={1982},
  publisher={Springer}
}
@article{henrard1987,
  title={Colombo's top},
  author={Henrard, Jacques and Murigande, Charles},
  journal={Celestial Mechanics},
  volume={40},
  number={3-4},
  pages={345--366},
  year={1987},
  publisher={Springer}
}
@Book{g_and_h,
 author = {Guckenheimer, John and Holmes, Philip J.},
 title = {Nonlinear oscillations, dynamical systems, and bifurcations of vector fields},
 publisher = {Springer-Verlag},
 year = {1983},
 address = {New York},
 isbn = {978-1-4612-1140-2}
}
@Book{l_and_l,
  title={Mechanics},
  author={Landau, Lev D and Lifshitz, Evgeny Mikhailovich},
  year={1976},
  publisher={Pergamon press Oxford}
}
@article{lai2012,
  title={Tidal dissipation in planet-hosting stars: damping of spin--orbit misalignment and survival of hot Jupiters},
  author={Lai, Dong},
  journal={Monthly Notices of the Royal Astronomical Society},
  volume={423},
  number={1},
  pages={486--492},
  year={2012},
  publisher={The Royal Astronomical Society}
}
@article{anderson2018teeter,
  title={Teetering stars: resonant excitation of stellar obliquities by hot and warm Jupiters with external companions},
  author={Anderson, Kassandra R and Lai, Dong},
  journal={Monthly Notices of the Royal Astronomical Society},
  volume={480},
  number={1},
  pages={1402--1414},
  year={2018},
  publisher={Oxford University Press}
}
@article{ward2004I,
  title={Tilting saturn. I. Analytic model},
  author={Ward, William R and Hamilton, Douglas P},
  journal={The Astronomical Journal},
  volume={128},
  number={5},
  pages={2501},
  year={2004},
  publisher={IOP Publishing}
}
@article{ward2004II,
  title={Tilting Saturn. II. Numerical model},
  author={Hamilton, Douglas P and Ward, William R},
  journal={The Astronomical Journal},
  volume={128},
  number={5},
  pages={2510},
  year={2004},
  publisher={IOP Publishing}
}
@article{millholland_disk,
  title={Excitation of Planetary Obliquities through Planet--Disk Interactions},
  author={Millholland, Sarah and Batygin, Konstantin},
  journal={The Astrophysical Journal},
  volume={876},
  number={2},
  pages={119},
  year={2019},
  publisher={IOP Publishing}
}
@article{millholland_signatures,
  title={Signatures of Obliquity in Thermal Phase Curves of Hot Jupiters},
  author={Adams, Arthur D and Millholland, Sarah and Laughlin, Gregory P},
  journal={arXiv preprint arXiv:1906.07615},
  year={2019}
}
@article{millholland_wasp12b,
  title={Obliquity Tides May Drive WASP-12b’s Rapid Orbital Decay},
  author={Millholland, Sarah and Laughlin, Gregory},
  journal={The Astrophysical Journal Letters},
  volume={869},
  number={1},
  pages={L15},
  year={2018},
  publisher={IOP Publishing}
}
@article{fabrycky_otides,
  title={Cassini states with dissipation: Why obliquity tides cannot inflate hot Jupiters},
  author={Fabrycky, Daniel C and Johnson, Eric T and Goodman, Jeremy},
  journal={The Astrophysical Journal},
  volume={665},
  number={1},
  pages={754},
  year={2007},
  publisher={IOP Publishing}
}
@article{winn_otides,
  title={Obliquity tides on hot Jupiters},
  author={Winn, Joshua N and Holman, Matthew J},
  journal={The Astrophysical Journal Letters},
  volume={628},
  number={2},
  pages={L159},
  year={2005},
  publisher={IOP Publishing}
}
@article{schwarz_infer_obl,
  title={Inferring planetary obliquity using rotational and orbital photometry},
  author={Schwartz, Joel C and Sekowski, Clara and Haggard, Hal M and Pall{\'e}, Eric and Cowan, Nicolas B},
  journal={Monthly Notices of the Royal Astronomical Society},
  volume={457},
  number={1},
  pages={926--938},
  year={2016},
  publisher={Oxford University Press}
}
@article{ohno_infer_obl,
  title={Atmospheres on Nonsynchronized Eccentric-tilted Exoplanets. II. Thermal Light Curves},
  author={Ohno, Kazumasa and Zhang, Xi},
  journal={The Astrophysical Journal},
  volume={874},
  number={1},
  pages={2},
  year={2019},
  publisher={IOP Publishing}
}
@article{rauscher_infer_obl,
  title={Models of Warm Jupiter Atmospheres: Observable Signatures of Obliquity},
  author={Rauscher, Emily},
  journal={The Astrophysical Journal},
  volume={846},
  number={1},
  pages={69},
  year={2017},
  publisher={IOP Publishing}
}
@article{lai2018,
  title={How do external companions affect spin--orbit misalignment of hot Jupiters?},
  author={Lai, Dong and Anderson, Kassandra R and Pu, Bonan},
  journal={Monthly Notices of the Royal Astronomical Society},
  volume={475},
  number={4},
  pages={5231--5236},
  year={2018},
  publisher={Oxford University Press}
}
@article{colombo1966,
   author = {{Colombo}, G.},
    title = "{Cassini's Second and Third Laws}",
  journal = {SAO Special Report},
     year = 1966,
    month = mar,
   volume = 203,
   adsurl = {https://ui.adsabs.harvard.edu/abs/1966SAOSR.203.....C},
  adsnote = {Provided by the SAO/NASA Astrophysics Data System}
}
@article{peale1969,
  title={Generalized Cassini's laws},
  author={Peale, Stanton J},
  journal={The Astronomical Journal},
  volume={74},
  pages={483},
  year={1969}
}
@article{peale1974possible,
  title={Possible histories of the obliquity of Mercury},
  author={Peale, Stanton J},
  journal={The Astronomical Journal},
  volume={79},
  pages={722},
  year={1974}
}
@article{hamilton_tilting_ice,
  title={Tilting Ice Giants with a Spin-Orbit Resonance},
  author={Rogoszinski, Zeeve and Hamilton, Douglas P},
  journal={arXiv preprint arXiv:1908.10969},
  year={2019}
}
@article{original_gi,
  title={Relative sizes of the largest bodies during the accumulation of planets},
  author={Safronov, VS and Zvjagina, EV},
  journal={Icarus},
  volume={10},
  number={1},
  pages={109--115},
  year={1969},
  publisher={Elsevier}
}
@article{morbidelli_gi,
  title={Explaining why the uranian satellites have equatorial prograde orbits despite the large planetary obliquity},
  author={Morbidelli, Alessandro and Tsiganis, Kleomenis and Batygin, Konstantin and Crida, Aurelien and Gomes, Rodney},
  journal={Icarus},
  volume={219},
  number={2},
  pages={737--740},
  year={2012},
  publisher={Elsevier}
}
@article{ward_jupiter,
  title={The obliquity of Jupiter},
  author={Ward, William R and Canup, Robin M},
  journal={The Astrophysical Journal Letters},
  volume={640},
  number={1},
  pages={L91},
  year={2006},
  publisher={IOP Publishing}
}
@article{yalinewich2019atmospheric,
  title={Atmospheric mass-loss from high-velocity giant impacts},
  author={Yalinewich, Almog and Schlichting, Hilke},
  journal={Monthly Notices of the Royal Astronomical Society},
  volume={486},
  number={2},
  pages={2780--2789},
  year={2019},
  publisher={Oxford University Press}
}
@article{schlichting2015atmospheric,
  title={Atmospheric mass loss during planet formation: The importance of planetesimal impacts},
  author={Schlichting, Hilke E and Sari, Re’em and Yalinewich, Almog},
  journal={Icarus},
  volume={247},
  pages={81--94},
  year={2015},
  publisher={Elsevier}
}
@article{usp_compact1,
  title={A Low Stellar Obliquity for WASP-47, a Compact Multiplanet System with a Hot Jupiter and an Ultra-short Period Planet},
  author={Sanchis-Ojeda, Roberto and Winn, Joshua N and Dai, Fei and Howard, Andrew W and Isaacson, Howard and Marcy, Geoffrey W and Petigura, Erik and Sinukoff, Evan and Weiss, Lauren and Albrecht, Simon and others},
  journal={The Astrophysical Journal Letters},
  volume={812},
  number={1},
  pages={L11},
  year={2015},
  publisher={IOP Publishing}
}
@article{usp_review,
  title={Kepler-78 and the ultra-short-period planets},
  author={Winn, Joshua N and Sanchis-Ojeda, Roberto and Rappaport, Saul},
  journal={New Astronomy Reviews},
  volume={83},
  pages={37--48},
  year={2018},
  publisher={Elsevier}
}
@article{malhotra_calc,
  title={Secular resonance sweeping of the main asteroid belt during planet migration},
  author={Minton, David A and Malhotra, Renu},
  journal={The Astrophysical Journal},
  volume={732},
  number={1},
  pages={53},
  year={2011},
  publisher={IOP Publishing}
}
@article{ward1975tidal,
  title={Tidal friction and generalized Cassini's laws in the solar system},
  author={Ward, William Roger},
  journal={The Astronomical Journal},
  volume={80},
  pages={64--70},
  year={1975}
}
@article{batygin2013magnetic,
  title={Magnetic and gravitational disk-star interactions: An interdependence of PMS stellar rotation rates and spin-orbit misalignments},
  author={Batygin, Konstantin and Adams, Fred C},
  journal={The Astrophysical Journal},
  volume={778},
  number={2},
  pages={169},
  year={2013},
  publisher={IOP Publishing}
}
@article{lai2014star,
  title={Star--disc--binary interactions in protoplanetary disc systems and primordial spin--orbit misalignments},
  author={Lai, Dong},
  journal={Monthly Notices of the Royal Astronomical Society},
  volume={440},
  number={4},
  pages={3532--3544},
  year={2014},
  publisher={Oxford University Press}
}
@article{benz1989tilting,
  title={Tilting Uranus in a giant impact},
  author={Benz, W and Slattery, WL and Cameron, AGW},
  journal={Meteoritics},
  volume={24},
  pages={251},
  year={1989}
}
@article{korycansky1990one,
  title={One-dimensional calculations of a large impact on Uranus},
  author={Korycansky, DG and Bodenheimer, P and Cassen, P and Pollack, JB},
  journal={Icarus},
  volume={84},
  number={2},
  pages={528--541},
  year={1990},
  publisher={Elsevier}
}
@article{vokrouhlicky2015tilting,
  title={Tilting Jupiter (a bit) and Saturn (a lot) during planetary migration},
  author={Vokrouhlick{\`y}, David and Nesvorn{\`y}, David},
  journal={The Astrophysical Journal},
  volume={806},
  number={1},
  pages={143},
  year={2015},
  publisher={IOP Publishing}
}
@article{touma1993chaotic,
  title={The chaotic obliquity of Mars},
  author={Touma, Jihad and Wisdom, Jack},
  journal={Science},
  volume={259},
  number={5099},
  pages={1294--1297},
  year={1993},
  publisher={American Association for the Advancement of Science}
}
@article{laskar1993chaotic,
  title={The chaotic obliquity of the planets},
  author={Laskar, Jacques and Robutel, Philippe},
  journal={Nature},
  volume={361},
  number={6413},
  pages={608--612},
  year={1993},
  publisher={Nature Publishing Group}
}
@article{correia2003long,
  title={Long-term evolution of the spin of Venus: I. theory},
  author={Correia, Alexandre CM and Laskar, Jacques and de Surgy, Olivier N{\'e}ron},
  journal={Icarus},
  volume={163},
  number={1},
  pages={1--23},
  year={2003},
  publisher={Elsevier}
}
@article{bryan2020obliquity,
  title={Obliquity Constraints on an Extrasolar Planetary-mass Companion},
  author={Bryan, Marta L and Chiang, Eugene and Bowler, Brendan P and Morley, Caroline V and Millholland, Sarah and Blunt, Sarah and Ashok, Katelyn B and Nielsen, Eric and Ngo, Henry and Mawet, Dimitri and others},
  journal={The Astronomical Journal},
  volume={159},
  number={4},
  pages={181},
  year={2020},
  publisher={IOP Publishing}
}
@article{snellen2014fast,
  title={Fast spin of the young extrasolar planet $\beta$ Pictoris b},
  author={Snellen, Ignas AG and Brandl, Bernhard R and de Kok, Remco J and Brogi, Matteo and Birkby, Jayne and Schwarz, Henriette},
  journal={Nature},
  volume={509},
  number={7498},
  pages={63--65},
  year={2014},
  publisher={Nature Publishing Group}
}
@article{bryan2018constraints,
  title={Constraints on the spin evolution of young planetary-mass companions},
  author={Bryan, Marta L and Benneke, Bj{\"o}rn and Knutson, Heather A and Batygin, Konstantin and Bowler, Brendan P},
  journal={Nature Astronomy},
  volume={2},
  number={2},
  pages={138--144},
  year={2018},
  publisher={Nature Publishing Group}
}
@article{seager2002constraining,
  title={Constraining the rotation rate of transiting extrasolar planets by oblateness measurements},
  author={Seager, S and Hui, Lam},
  journal={The Astrophysical Journal},
  volume={574},
  number={2},
  pages={1004},
  year={2002},
  publisher={IOP Publishing}
}
@article{millholland2019obliquity,
  title={Obliquity-driven sculpting of exoplanetary systems},
  author={Millholland, Sarah and Laughlin, Gregory},
  journal={Nature Astronomy},
  volume={3},
  number={5},
  pages={424--433},
  year={2019},
  publisher={Nature Publishing Group}
}
@article{dones1993does,
  title={Why does the Earth spin forward?},
  author={Dones, Luke and Tremaine, Scott},
  journal={Science},
  volume={259},
  number={5093},
  pages={350--354},
  year={1993},
  publisher={American Association for the Advancement of Science}
}
@article{izidoro2017breaking,
  title={Breaking the chains: hot super-Earth systems from migration and disruption of compact resonant chains},
  author={Izidoro, Andre and Ogihara, Masahiro and Raymond, Sean N and Morbidelli, Alessandro and Pierens, Arnaud and Bitsch, Bertram and Cossou, Christophe and Hersant, Franck},
  journal={Monthly Notices of the Royal Astronomical Society},
  volume={470},
  number={2},
  pages={1750--1770},
  year={2017},
  publisher={Oxford University Press}
}
@article{inamdar2015formation,
  title={The formation of super-Earths and mini-Neptunes with giant impacts},
  author={Inamdar, Niraj K and Schlichting, Hilke E},
  journal={Monthly Notices of the Royal Astronomical Society},
  volume={448},
  number={2},
  pages={1751--1760},
  year={2015},
  publisher={Oxford University Press}
}
@article{lissauer1997accretion,
  title={Accretion of mass and spin angular momentum by a planet on an eccentric orbit},
  author={Lissauer, Jack J and Berman, Alice F and Greenzweig, Yuval and Kary, David M},
  journal={Icarus},
  volume={127},
  number={1},
  pages={65--92},
  year={1997},
  publisher={Elsevier}
}
@article{miguel2010planet,
  title={Planet formation: statistics of spin rates and obliquities of extrasolar planets},
  author={Miguel, Yamila and Brunini, Adri{\'a}n},
  journal={Monthly Notices of the Royal Astronomical Society},
  volume={406},
  number={3},
  pages={1935--1943},
  year={2010},
  publisher={Blackwell Publishing Ltd Oxford, UK}
}
@article{lainey2016quantification,
  title={Quantification of tidal parameters from Solar System data},
  author={Lainey, Val{\'e}ry},
  journal={Celestial Mechanics and Dynamical Astronomy},
  volume={126},
  number={1-3},
  pages={145--156},
  year={2016},
  publisher={Springer}
}
@article{zanazzi2018planet,
  title={Planet formation in discs with inclined binary companions: can primordial spin--orbit misalignment be produced?},
  author={Zanazzi, JJ and Lai, Dong},
  journal={Monthly Notices of the Royal Astronomical Society},
  volume={478},
  number={1},
  pages={835--851},
  year={2018},
  publisher={Oxford University Press}
}
@article{su2020,
  title={Dynamics of Colombo's Top: Generating Exoplanet Obliquities from Planet-Disc Interactions},
  author={Su, Yubo and Lai, Dong},
  journal={arXiv preprint arXiv:2004.14380},
  year={2020}
}
@article{millholland_disk,
  title={Excitation of Planetary Obliquities through Planet--Disk Interactions},
  author={Millholland, Sarah and Batygin, Konstantin},
  journal={The Astrophysical Journal},
  volume={876},
  number={2},
  pages={119},
  year={2019},
  publisher={IOP Publishing}
}
@article{anderson2020excitation,
  title={Excitation of Spin--Orbit Misalignments in Stellar Binaries with Circumbinary Disks: Application to DI Herculis},
  author={Anderson, Kassandra R and Lai, Dong},
  journal={The Astrophysical Journal},
  volume={906},
  number={1},
  pages={17},
  year={2020},
  publisher={IOP Publishing}
}
@article{millholland2020formation,
  title={Formation of Ultra-short-period Planets by Obliquity-driven Tidal Runaway},
  author={Millholland, Sarah C and Spalding, Christopher},
  journal={The Astrophysical Journal},
  volume={905},
  number={1},
  pages={71},
  year={2020},
  publisher={IOP Publishing}
}
@article{zhu2018super,
  title={The Super Earth--Cold Jupiter Relations},
  author={Zhu, Wei and Wu, Yanqin},
  journal={The Astronomical Journal},
  volume={156},
  number={3},
  pages={92},
  year={2018},
  publisher={IOP Publishing}
}
@article{saillenfest2021large,
  title={The large obliquity of Saturn explained by the fast migration of Titan},
  author={Saillenfest, Melaine and Lari, Giacomo and Bou{\'e}, Gwena{\"e}l},
  journal={Nature Astronomy},
  volume={5},
  number={4},
  pages={345--349},
  year={2021},
  publisher={Nature Publishing Group}
}
@article{saillenfest2020future,
  title={The future large obliquity of Jupiter},
  author={Saillenfest, Melaine and Lari, Giacomo and Courtot, Ariane},
  journal={Astronomy \& Astrophysics},
  volume={640},
  pages={A11},
  year={2020},
  publisher={EDP Sciences}
}
@inproceedings{peale2008obliquity,
  title={Obliquity Tides in Hot Jupiters},
  author={Peale, SJ},
  booktitle={Extreme Solar Systems},
  volume={398},
  pages={281},
  year={2008}
}
@article{dai2018larger,
  title={Larger mutual inclinations for the shortest-period planets},
  author={Dai, Fei and Masuda, Kento and Winn, Joshua N},
  journal={The Astrophysical Journal Letters},
  volume={864},
  number={2},
  pages={L38},
  year={2018},
  publisher={IOP Publishing}
}
@article{lai_2017,
    doi = {10.3847/1538-3881/153/1/42},
    url = {https://doi.org/10.3847/1538-3881/153/1/42},
    year = 2017,
    month = {dec},
    publisher = {American Astronomical Society},
    volume = {153},
    number = {1},
    pages = {42},
    author = {Dong Lai and Bonan Pu},
    title = {{HIDING} {PLANETS} {BEHIND} A {BIG} {FRIEND}: {MUTUAL} {INCLINATIONS} {OF} {MULTI}-{PLANET} {SYSTEMS} {WITH} {EXTERNAL} {COMPANIONS}},
    journal = {The Astronomical Journal},
}
@book{murray1999solar,
  title={Solar system dynamics},
  author={Murray, Carl D and Dermott, Stanley F},
  year={1999},
  publisher={Cambridge university press}
}
@article{patra2017apparently,
  title={The apparently decaying orbit of WASP-12b},
  author={Patra, Kishore C and Winn, Joshua N and Holman, Matthew J and Yu, Liang and Deming, Drake and Dai, Fei},
  journal={The Astronomical Journal},
  volume={154},
  number={1},
  pages={4},
  year={2017},
  publisher={IOP Publishing}
}
@article{maciejewski2016departure,
  title={Departure from the constant-period ephemeris for the transiting exoplanet WASP-12 b},
  author={Maciejewski, G and Dimitrov, D and Fern{\'a}ndez, Matilde and Sota, A and Nowak, G and Ohlert, J and Nikolov, G and Hinse, TC and Pall{\'e}, E and Tingley, B and others},
  journal={Astronomy \& Astrophysics},
  volume={588},
  pages={L6},
  year={2016},
  publisher={EDP Sciences}
}
@article{bonomo2017gaps,
  title={The GAPS Programme with HARPS-N at TNG-XIV. Investigating giant planet migration history via improved eccentricity and mass determination for 231 transiting planets},
  author={Bonomo, ALDO STEFANO and Desidera, Silvano and Benatti, SERENA and Borsa, Francesco and Crespi, S and Damasso, Mario and Lanza, Antonino Francesco and Sozzetti, Alessandro and Lodato, G and Marzari, F and others},
  journal={Astronomy \& Astrophysics},
  volume={602},
  pages={A107},
  year={2017},
  publisher={Edp Sciences}
}
@article{hebb2009wasp,
  title={WASP-12b: the hottest transiting extrasolar planet yet discovered},
  author={Hebb, Leslie and Collier-Cameron, A and Loeillet, B and Pollacco, D and H{\'e}brard, G and Street, RA and Bouchy, F and Stempels, HC and Moutou, C and Simpson, E and others},
  journal={The Astrophysical Journal},
  volume={693},
  number={2},
  pages={1920},
  year={2009},
  publisher={IOP Publishing}
}
@article{husnoo2011orbital,
  title={Orbital eccentricity of WASP-12 and WASP-14 from new radial velocity monitoring with SOPHIE},
  author={Husnoo, Nawal and Pont, Fr{\'e}d{\'e}ric and H{\'e}brard, Guillaume and Simpson, Elaine and Mazeh, Tsevi and Bouchy, Fran{\c{c}}ois and Moutou, Claire and Arnold, Luc and Boisse, Isabelle and D{\'\i}az, Rodrigo F and others},
  journal={Monthly Notices of the Royal Astronomical Society},
  volume={413},
  number={4},
  pages={2500--2508},
  year={2011},
  publisher={Blackwell Publishing Ltd Oxford, UK}
}
@article{knutson2014friends,
  title={Friends of hot Jupiters. I. A radial velocity search for massive, long-period companions to close-in gas giant planets},
  author={Knutson, Heather A and Fulton, Benjamin J and Montet, Benjamin T and Kao, Melodie and Ngo, Henry and Howard, Andrew W and Crepp, Justin R and Hinkley, Sasha and Bakos, Gaspar {\'A} and Batygin, Konstantin and others},
  journal={The Astrophysical Journal},
  volume={785},
  number={2},
  pages={126},
  year={2014},
  publisher={IOP Publishing}
}
@article{maciejewski2013multi,
  title={Multi-site campaign for transit timing variations of WASP-12 b: possible detection of a long-period signal of planetary origin},
  author={Maciejewski, G and Dimitrov, D and Seeliger, M and Kitze, M and Errmann, R and Nowak, G and Niedzielski, A and Popov, V and Marka, C and Go{\'z}dziewski, K and others},
  journal={Astronomy \& Astrophysics},
  volume={551},
  pages={A108},
  year={2013},
  publisher={Edp Sciences}
}
@article{petit2020path,
  title={The path to instability in compact multi-planetary systems},
  author={Petit, Antoine C and Pichierri, Gabriele and Davies, Melvyn B and Johansen, Anders},
  journal={Astronomy \& Astrophysics},
  volume={641},
  pages={A176},
  year={2020},
  publisher={EDP Sciences}
}
@article{li2020planetary,
  title={Planetary Spin and Obliquity from Mergers},
  author={Li, Jiaru and Lai, Dong},
  journal={The Astrophysical Journal Letters},
  volume={898},
  number={1},
  pages={L20},
  year={2020},
  publisher={IOP Publishing}
}
@article{teyssandier2019formation,
  title={Formation of hot Jupiters through secular chaos and dynamical tides},
  author={Teyssandier, Jean and Lai, Dong and Vick, Michelle},
  journal={Monthly Notices of the Royal Astronomical Society},
  volume={486},
  number={2},
  pages={2265--2280},
  year={2019},
  publisher={Oxford University Press}
}
@article{papaloizou_ivanov_inertial,
    author = {Papaloizou, J. C. B. and Ivanov, P. B.},
    title = "{Dynamic tides in rotating objects: a numerical investigation of inertial waves in fully convective or barotropic stars and planets}",
    journal = {Monthly Notices of the Royal Astronomical Society},
    volume = {407},
    number = {3},
    pages = {1631-1656},
    year = {2010},
    month = {09},
    abstract = "{We perform direct numerical simulations of the tidal encounter of a rotating planet on a highly eccentric or parabolic orbit about a central star formulated as an initial value problem. This approach enables us to extend previous work of Ivanov \\&amp; Papaloizou to consider planet models with solid cores and to avoid making an anelastic approximation.We obtain a power spectrum of the tidal response of coreless models which enables global inertial modes to be identified. Their frequencies are found to be in good agreement with those obtained using either a WKBJ approach or the anelastic spectral approach adopted in previous work for small planet rotation rates. We also find that the dependence of the normal mode frequencies on the planet angular velocity in the case of higher rotation rates can for the most part be understood by applying first-order perturbation theory to the anelastic modes.We calculate the energy and angular momentum exchanged as a result of the tidal encounter and for coreless models again find good agreement with results obtained using the anelastic spectral method.Models with a solid core showed evidence of the emission of shear layers at critical latitudes and possibly wave attractors after the encounter, but the total energy exchanged during the encounter did not differ dramatically from the coreless case as long as the ratio of the core radius to the total radius was less than 50 per cent, there being hardly any difference at all when this ratio was less than 25 per cent of the total radius. We give a physical and mathematical interpretation of this result.Finally, we are able to validate the use of the anelastic approximation for both the work presented here and our previous work which led to estimates of circularization rates for planets in highly eccentric orbits.}",
    issn = {0035-8711},
    doi = {10.1111/j.1365-2966.2010.17011.x},
    url = {https://doi.org/10.1111/j.1365-2966.2010.17011.x},
    eprint = {https://academic.oup.com/mnras/article-pdf/407/3/1631/18435748/mnras0407-1631.pdf},
}
@article{groten2004fundamental,
title={Fundamental Parameters and Current (2004) Best Estimates of the Parameters of Common Relevance to Astronomy, Geodesy, and Geodynamics},
author={Erwin Groten},
journal={Journal of Geodesy},
year={2004},
month={Apr},
day={01},
volume={77},
number={10},
pages={724-797},
issn={1432-1394},
doi={10.1007/s00190-003-0373-y},
url={https://doi.org/10.1007/s00190-003-0373-y}
}

